<?xml version="1.0" encoding="UTF-8"?><record xmlns="http://www.loc.gov/MARC21/slim" xmlns:cinclude="http://apache.org/cocoon/include/1.0" xmlns:zs="http://www.loc.gov/zing/srw/">
  <leader>00464nz  a2200133n  4500</leader>
  <controlfield tag="001">n  95055944 </controlfield>
  <controlfield tag="003">DLC</controlfield>
  <controlfield tag="005">19950607140322.0</controlfield>
  <controlfield tag="008">950607n| acannaab|          |a aaa |||  </controlfield>
  <datafield tag="010" ind1=" " ind2=" ">
    <subfield code="a">n  95055944 </subfield>
  </datafield>
  <datafield tag="040" ind1=" " ind2=" ">
    <subfield code="a">DLC</subfield>
    <subfield code="c">DLC</subfield>
  </datafield>
  <datafield tag="100" ind1="1" ind2="0">
    <subfield code="a">Akt︠s︡ynov, Arkadiĭ</subfield>
  </datafield>
  <datafield tag="400" ind1="1" ind2="0">
    <subfield code="a">Akt︠s︡ynov, A.</subfield>
    <subfield code="q">(Arkadiĭ)</subfield>
  </datafield>
  <datafield tag="670" ind1=" " ind2=" ">
    <subfield code="a">Po sterne bosikom, 1992:</subfield>
    <subfield code="b">t.p. (Akt︠s︡ynovy ... Arkadiĭ) verso t.p. (Arkadiĭ Vsevolodovich Akt︠s︡ynovy) p. preceding t.p. (A. Akt︠s︡ynovy)</subfield>
  </datafield>
</record>